@String{pub-AW          = "Ad{\-d}i{\-s}on-Wes{\-l}ey"}
@String{pub-AW:adr      = "Reading, MA, USA"}

@Book{DataMiningStart,
  author =       "Usama M. Fayyad and Gregory Piatetsky-Shapiro and Padhraic Smyth and Ramasamy Uthurusamy",
  title =        "Advances in Knowledge Discovery and Data Mining",
  publisher =    "AAAI/MIT Press",
  year =         "1996",
}

@Article{AssRulesStrt,
  author =      "Rakesh Agrawal",
  title =       "Quest: a project on database mining",
  journal =     "Proceedings of the ACM SIGMOD International Conference on Management of Data",
  year =        "1994",
  publisher =   "ACM Press",
  address =     "Minneapolis, Minnesota",
}


@Article{Problem:Statement,
  author =      "Rakesh Agrawal and Tomasz Imielinski and Arun Swami",
  title =       "Mining Association Rules between Sets of Items in Large Databases",
  journal =     "Proceedings of the ACM SIGMOD International Conference on Management of Data",
  year =        "1993",
  address =     "Washington DC",
  pages =       "207-216"
}

@Book{Elmasri:db,
  author =       "Ramez Elmasri and Shamkand B. NAvathe",
  title =        "Wprowadzenie do systemów baz danych",
  publisher =    pub-AW,
  address =      pub-AW:adr,
  year =         "2005",
  ISBN =         "83-7361-716-7",
}

@Book{Knuth:ct-a,
  author =       "Donald E. Knuth",
  title =        "The {\TeX}book",
  publisher =    pub-AW,
  address =      pub-AW:adr,
  year =         "1986",
  series =       "Computers and Typesetting",
  ISBN =         "0-201-13447-0",
  LCCN =         "Z253.4.T47 K58 1986",
  pages =        "ix + 483",
  bibdate =      "Wed Dec 15 10:36:52 1993",
}

@Book{Lamport:LDP85,
  author =       "Leslie Lamport",
  title =        "{\LaTeX} --- A Document Preparation System ---
                 User's Guide and Reference Manual",
  publisher =    pub-AW,
  address =      pub-AW:adr,
  year =         "1985",
  ISBN =         "0-201-15790-X",
  LCCN =         "Z253.4.L38 L35 1986",
  pages =        "xiv + 242",
  bibdate =      "Wed Dec 15 10:38:04 1993",
}

@misc{fcm-red,
  author = "Zbyszko Kr{\'o}likowski and Maciej Drozdowski",
  title = "{Jak pisać pracę dyplomową? Uwagi o formie. Zasady redakcji pracy dyplomowej.}",
  howpublished = "[on-line] \url{www.fcm.put.poznan.pl/platon/dokumenty/dlaStudentow/egzaminDyplomowy/zasadyRedakcji}",
  year = "2006",
}

@misc{mdro,
  author = "Maciej Drozdowski",
  title = "Jak pisać prace dyplomowe -- uwagi o formie",
  howpublished = "[on-line] \url{http://www.cs.put.poznan.pl/mdrozdowski/dyd/txt/jak_mgr.html}",
  year = {2006},
}